@article{SalvadorCesar2010,
author = {{Salvador, Cesar}, D},
file = {:Users/Lewis 1/Uni Work/4th Year/Project/Post-Lit Papers/VAE/Salvador{\_}ISon2010.pdf:pdf},
journal = {Proceedings of ISon 2010, 3rd Interactive Sonification Workshop, KTH, Stockholm, Sweden, April 7, 2010},
pages = {69--72},
title = {{A virtual acoustic environment as auditory display front-end for sonification}},
year = {2010}
}


@electronic{mira,
 author   = {},
 title = {},
 organization = {Cycling74},
 howpublished = {Application},
 url       = {https://cycling74.com/products/mira/},
  year = {2016},
}



@electronic{c74,
 author   = {},
 title = {},
 organization = {Cycling74},
 howpublished = {Application},
 url       = {https://cycling74.com/project/project43-c74-iphone-app/#.Vv1FhRIrJE4},
 year = {2016},
}